@article{Chaum1981,
 author = {Chaum, David L.},
 title = {Untraceable Electronic Mail, Return Addresses, and Digital Pseudonyms},
 journal = {Commun. ACM},
 issue_date = {Feb. 1981},
 volume = {24},
 number = {2},
 month = feb,
 year = {1981},
 issn = {0001-0782},
 pages = {84--90},
 numpages = {7},
 url = {http://doi.acm.org/10.1145/358549.358563},
 doi = {10.1145/358549.358563},
 acmid = {358563},
 publisher = {ACM},
 address = {New York, NY, USA},
 keywords = {digital signatures, electronic mail, privacy, public key cryptosystems, security, traffic analysis},
} 

@ARTICLE{Diffie1976,
author={W. Diffie and M. Hellman}, 
journal={IEEE Transactions on Information Theory}, 
title={New directions in cryptography}, 
year={1976}, 
volume={22}, 
number={6}, 
pages={644-654}, 
keywords={Cryptography;Application software;Communication system security;Computer aided instruction;Computer networks;Costs;Hardware;Information theory;Postal services;Public key cryptography;Telecommunication computing}, 
doi={10.1109/TIT.1976.1055638}, 
ISSN={0018-9448}, 
month={Nov},}
